<collection xmlns="http://www.loc.gov/MARC21/slim"><record><leader>00721nam  2200205   450</leader><controlfield tag="001">754</controlfield><controlfield tag="003">http://montalegre.opacnet.com/OPAC/default.aspx?ContentAreaControl=ShowRegHoldings.ascx&amp;RegNo=16662</controlfield><datafield tag="100" ind1=" " ind2=" "><subfield code="a">19740201d1974    m  y0pora010305  ba</subfield></datafield><datafield tag="101" ind1="1" ind2=" "><subfield code="a">por</subfield><subfield code="c">eng</subfield></datafield><datafield tag="102" ind1=" " ind2=" "><subfield code="a">PT</subfield></datafield><datafield tag="200" ind1="1" ind2=" "><subfield code="a">&lt;O &gt;zero e o infinito</subfield><subfield code="f">Arthur Koestler</subfield><subfield code="g">trad. Juvenal Jacinto</subfield></datafield><datafield tag="210" ind1=" " ind2=" "><subfield code="a">Lisboa</subfield><subfield code="c">Clube Port. do Livro e do Disco</subfield><subfield code="d">[D.L. 1974]</subfield></datafield><datafield tag="215" ind1=" " ind2=" "><subfield code="a">237, [3] p.</subfield><subfield code="d">21 cm</subfield></datafield><datafield tag="225" ind1="2" ind2=" "><subfield code="a">Romances do nosso tempo</subfield></datafield><datafield tag="304" ind1=" " ind2=" "><subfield code="a">Tít. orig.: Darkness at moon</subfield></datafield><datafield tag="675" ind1=" " ind2=" "><subfield code="a">821</subfield><subfield code="v">BN</subfield><subfield code="z">por</subfield></datafield><datafield tag="700" ind1=" " ind2="1"><subfield code="a">Koestler</subfield><subfield code="b">Arthur</subfield><subfield code="f">1905-1983</subfield></datafield><datafield tag="702" ind1=" " ind2="1"><subfield code="a">Jacinto</subfield><subfield code="b">Juvenal</subfield><subfield code="4">730</subfield></datafield><datafield tag="801" ind1=" " ind2="0"><subfield code="a">PT</subfield><subfield code="b">Biblioteca Municipal de Montalegre</subfield><subfield code="g">RPC</subfield></datafield><datafield tag="856" ind1=" " ind2=" "><subfield code="u">locateMedia.asp?cod=20060620102621&amp;ext=jpg</subfield><subfield code="z">CAPA</subfield></datafield><datafield tag="909" ind1="&#9;" ind2=" "><subfield code="a">1</subfield></datafield><datafield tag="966" ind1=" " ind2=" "><subfield code="a">0005342</subfield><subfield code="l">BMM</subfield><subfield code="s">SCG 821 KOE zer 208</subfield></datafield></record></collection>